<record><leader>02876cam##22026613u#4500</leader><controlfield tag="001">99125119454006421</controlfield><controlfield tag="008">220128sPorto:
Edição da
Renascença Portuguesa
Tipografia Costa Carregal
Trav. Passos Manuel, 27
1912||||||||||||o|||||||||||porsd</controlfield><datafield tag="035" ind1=" " ind2=" "><subfield code="a">(CKB)3780000000419417</subfield></datafield><datafield tag="035" ind1=" " ind2=" "><subfield code="a">(UtSlPG)22468</subfield></datafield><datafield tag="035" ind1=" " ind2=" "><subfield code="a">(EXLCZ)993780000000419417</subfield></datafield><datafield tag="040" ind1=" " ind2=" "><subfield code="a">UtSlPG</subfield><subfield code="b">eng</subfield><subfield code="c">IL-JeEL</subfield></datafield><datafield tag="041" ind1=" " ind2=" "><subfield code="a">por</subfield></datafield><datafield tag="100" ind1=" " ind2=" "><subfield code="a">Beirão, Mário Pires Gomes</subfield><subfield code="d">1890-1965</subfield><subfield code="e">Author</subfield></datafield><datafield tag="245" ind1="1" ind2="0"><subfield code="a">Cintra</subfield></datafield><datafield tag="246" ind1=" " ind2=" "><subfield code="a">Sintra</subfield></datafield><datafield tag="260" ind1=" " ind2=" "><subfield code="b">Project Gutenberg</subfield></datafield><datafield tag="508" ind1=" " ind2=" "><subfield code="a">Produced by Vasco Salgado</subfield></datafield><datafield tag="542" ind1=" " ind2=" "><subfield code="f">Public domain in the USA.</subfield><subfield code="k">Project Gutenberg</subfield><subfield code="i">2007-08-31</subfield></datafield><datafield tag="546" ind1=" " ind2=" "><subfield code="a">This ebook uses a beginning of the 20th century spelling</subfield></datafield><datafield tag="655" ind1="#" ind2="7"><subfield code="a">PT Poesia</subfield></datafield><datafield tag="906" ind1=" " ind2=" "><subfield code="a">BOOK</subfield></datafield><datafield tag="950" ind1=" " ind2=" "><subfield code="c">2022-02-17 14:21:25 US/Eastern</subfield><subfield code="b">2017-08-13 03:01:49 US/Eastern</subfield><subfield code="a">false</subfield></datafield><datafield tag="951" ind1=" " ind2=" "><subfield code="v">2021-07-15 06:27:40 US/Eastern</subfield><subfield code="g">Project Gutenberg</subfield><subfield code="u">System</subfield><subfield code="j">free site; not using proxy --nb, 2/18</subfield><subfield code="t">2021-07-15 06:27:36 US/Eastern</subfield><subfield code="x">https://na05-psb.alma.exlibrisgroup.com/view/uresolver/01PRI_INST/openurl?u.ignore_date_coverage=true&amp;portfolio_pid=53756715670006421&amp;Force_direct=true</subfield><subfield code="s">SFX</subfield><subfield code="0">53756715670006421</subfield><subfield code="f">false</subfield><subfield code="m">61753481190006421</subfield><subfield code="n">Project Gutenberg Online Catalog</subfield><subfield code="b">param</subfield><subfield code="1">62753514350006421</subfield><subfield code="c">d?u.ignore_date_coverage=true&amp;rft.mms_id=99125119454006421</subfield><subfield code="a">Available</subfield><subfield code="l">613780000000001569</subfield><subfield code="e">BOOK</subfield><subfield code="8">53756715670006421</subfield></datafield></record>
